@article{codata,
    author = {E. Tisinga},
    title = {CODATA recomended values of the fundamental physical constants: 2018, Rev. MOd. Phys. 93, 025010 (2023)},
    journal = {journal},
    year = {2023},
}